@misc{reuse-release,
author = {},
title = {Reuse Release Equivalence Principle},
howpublished = {\url{http://wiki.c2.com/?ReuseReleaseEquivalencePrinciple}},
month = {},
year = {},
}

@misc{Granularity,
author = {},
title = {Granularity},
howpublished = {\url{http://www.cs.utexas.edu/users/downing/papers/Granularity.1996.pdf}},
month = {},
year = {},
}

@BOOK{agile,
  TITLE = {Agile Software Development, Principles, Patterns, and Practices},
  AUTHOR = {Robert C. Martin},
  YEAR = {2002}, 
  PUBLISHER = {Pearson},
}
